@book{lipset,
  title={Political Man: The Social Bases of Politics},
  author={Lipset, S.M. and Johns Hopkins University Press},
  isbn={9780801825224},
  lccn={80008867},
  series={A Johns Hopkins paperback},
  url={https://books.google.com/books?id=Gv-CAAAAMAAJ},
  year={1981},
  publisher={Johns Hopkins University Press}
}

@article{przeworski,
title = "Modernization: Theories and facts",
author = "Adam Przeworski and Fernando Limongi",
year = "1997",
month = jan,
doi = "10.1353/wp.1997.0004",
language = "English (US)",
volume = "49",
pages = "155--183",
journal = "World Politics",
issn = "0043-8871",
publisher = "Cambridge University Press",
number = "2"}

@Inbook{rustow,
author="Rustow, Dankwart A.",
editor="Von Beyme, Klaus",
title="Agreement, Dissent, and Democratic Fundamentals",
bookTitle="Theory and Politics/Theorie und Politik: Festschrift zum 70. Geburtstag f{\"u}r Carl Joachim Friedrich",
year="1971",
publisher="Springer Netherlands",
address="Dordrecht",
pages="328--342",
isbn="978-94-010-2750-2",
doi="10.1007/978-94-010-2750-2_17",
url="https://doi.org/10.1007/978-94-010-2750-2_17"
}

@book{robinson,
	title = {Economic Origins of Dictatorship and Democracy},
	year = {2006},
	publisher = {Cambridge University Press},
	organization = {Cambridge University Press},
	address = {Cambridge, UK},
	url = {http://www.cambridge.org/us/catalogue/catalogue.asp?isbn=0521855268},
	author = {James A. Robinson and Daron Acemoglu}
}

@article{mcfaul,
 ISSN = {00438871, 10863338},
 URL = {http://www.jstor.org/stable/25054183},
 author = {Michael McFaul},
 journal = {World Politics},
 number = {2},
 pages = {212--244},
 publisher = {Cambridge University Press},
 title = {The Fourth Wave of Democracy and Dictatorship: Noncooperative Transitions in the Postcommunist World},
 volume = {54},
 year = {2002}
}

@article{huntington,
title = "Democracy's Third Wave",
author = "Samuel P. Huntington",
year = "1991",
month = spring,
doi = "",
language = "English (US)",
volume = "",
pages = "12-34",
journal = "Journal of Democracy",
issn = ,
publisher = ,
number = }

